<?xml version="1.0" encoding="UTF-8"?><collection xmlns="http://www.loc.gov/MARC21/slim"><record><leader>00356nam--2200133-i-4500</leader><controlfield tag="001">000034812</controlfield><controlfield tag="002">20161230</controlfield><controlfield tag="005">20161230201040</controlfield><controlfield tag="008">060222s1000------------r-----000-0-eng-d</controlfield><datafield ind1=" " ind2=" " tag="080"><subfield code="a">37</subfield></datafield><datafield ind1=" " ind2=" " tag="100"><subfield code="a">Niculescu-maier, Stefan</subfield></datafield><datafield ind1=" " ind2=" " tag="245"><subfield code="a">Teste de aptitudini si perspicacitate</subfield></datafield><datafield ind1=" " ind2=" " tag="260"><subfield code="a">Bucuresti, Ed.-stiintifica Si Enciclopedica, 1987. 109p</subfield></datafield><datafield ind1=" " ind2=" " tag="852"><subfield code="a">73971</subfield></datafield></record></collection>